<?xml version="1.0" encoding="UTF-8"?><collection xmlns="http://www.loc.gov/MARC21/slim"><record><leader>00497nam--2200181-u-4500</leader><controlfield tag="001">000053533</controlfield><controlfield tag="002">20161230</controlfield><controlfield tag="005">20161230201051</controlfield><controlfield tag="008">110412s1000------------r-----000-0-eng-d</controlfield><datafield ind1=" " ind2=" " tag="020"><subfield code="a">0940121670</subfield></datafield><datafield ind1=" " ind2=" " tag="040"><subfield code="a">IFIN-HH</subfield></datafield><datafield ind1=" " ind2=" " tag="080"><subfield code="a">82-311.9</subfield></datafield><datafield ind1="1" ind2=" " tag="100"><subfield code="a">Prugovecki, Eduard</subfield></datafield><datafield ind1="1" ind2="0" tag="245"><subfield code="a">Memoirs of the future</subfield><subfield code="b">A futuristic novel</subfield><subfield code="c">Eduard prugovecki</subfield></datafield><datafield ind1=" " ind2=" " tag="260"><subfield code="a">Notre Dame, Indiana</subfield><subfield code="b">Cross Cultural Publications, Inc</subfield><subfield code="c">2001</subfield></datafield><datafield ind1=" " ind2=" " tag="300"><subfield code="a">483P</subfield></datafield><datafield ind1=" " ind2=" " tag="852"><subfield code="a">81481</subfield><subfield code="c">5</subfield></datafield><datafield ind1=" " ind2=" " tag="CAT"><subfield code="a">Sys</subfield><subfield code="c">20110412</subfield><subfield code="h">083506</subfield></datafield></record></collection>